<?xml version="1.0" encoding="UTF-8"?><collection xmlns="http://www.loc.gov/MARC21/slim"><record><leader>00538nam--2200133-i-4500</leader><controlfield tag="001">000001645</controlfield><controlfield tag="002">20161230</controlfield><controlfield tag="005">20161230201024</controlfield><controlfield tag="008">060222s1000------------r-----000-0-eng-d</controlfield><datafield ind1=" " ind2=" " tag="080"><subfield code="a">541.515</subfield></datafield><datafield ind1=" " ind2=" " tag="245"><subfield code="a">Essays on free-radical chemistry.a tribute to professor d.h.hey, f.r.s.and professor w.a. waters, f.r.s. by some of their former pupils and colleagues, organised by professor r.o.c. norman on behalf of the chemical society</subfield></datafield><datafield ind1=" " ind2=" " tag="260"><subfield code="a">London, The Chemical Society, 1970.Viii+437 P</subfield></datafield><datafield ind1=" " ind2=" " tag="490"><subfield code="a">Special Publication Nr.24</subfield></datafield><datafield ind1=" " ind2=" " tag="852"><subfield code="a">14038</subfield></datafield></record></collection>